@article{Scherk:1974ca,
    author = "Scherk, Joel and Schwarz, John H.",
    title = "{Dual Models for Nonhadrons}",
    reportNumber = "CALT-68-444",
    doi = "10.1016/0550-3213(74)90010-8",
    journal = "Nucl. Phys. B",
    volume = "81",
    pages = "118--144",
    year = "1974"
}

@book{Becker:2006dvp,
    author = "Becker, K. and Becker, M. and Schwarz, J. H.",
    title = "{String theory and M-theory: A modern introduction}",
    doi = "10.1017/CBO9780511816086",
    isbn = "978-0-511-25486-4, 978-0-521-86069-7, 978-0-511-81608-6",
    publisher = "Cambridge University Press",
    month = "12",
    year = "2006"
}
@book{uranga,
    place={IFT-UAM},
    title={Introduction to String Theory},
    author={√Ångel M. Uranga},
    year={2005}}


@book{Blumenhagen:2013fgp,
    author = {Blumenhagen, Ralph and L\"ust, Dieter and Theisen, Stefan},
    title = "{Basic concepts of string theory}",
    doi = "10.1007/978-3-642-29497-6",
    isbn = "978-3-642-29496-9",
    publisher = "Springer",
    address = "Heidelberg, Germany",
    series = "Theoretical and Mathematical Physics",
    year = "2013"
}


@book{Polchinski:1998rq,
    author = "Polchinski, J.",
    title = "{String theory. Vol. 1: An introduction to the bosonic string}",
    doi = "10.1017/CBO9780511816079",
    isbn = "978-0-511-25227-3, 978-0-521-67227-6, 978-0-521-63303-1",
    publisher = "Cambridge University Press",
    series = "Cambridge Monographs on Mathematical Physics",
    month = "12",
    year = "2007"
}


@book{Ortin:2015hya,
    author = "Ortin, Tomas",
    title = "{Gravity and Strings}",
    edition = "2nd ed.",
    doi = "10.1017/CBO9781139019750",
    isbn = "978-0-521-76813-9, 978-0-521-76813-9, 978-1-316-23579-9",
    publisher = "Cambridge University Press",
    series = "Cambridge Monographs on Mathematical Physics",
    month = "7",
    year = "2015"
}


@article{Suarez:2022pcn,
    author = "Suarez, Rebeca Gonzalez",
    title = "{The Future Circular Collider (FCC) at CERN}",
    eprint = "2204.10029",
    archivePrefix = "arXiv",
    primaryClass = "hep-ex",
    doi = "10.22323/1.405.0009",
    journal = "PoS",
    volume = "DISCRETE2020-2021",
    pages = "009",
    year = "2022"
}


@article{Stairs:2005ai,
    author = "Stairs, I. H.",
    editor = "Hewett, Joanne L. and Jaros, John and Kamae, Tsuneyoshi and Prescott, Charles",
    title = "{General Relativity Tests with Pulsars}",
    reportNumber = "SSI-2005-L004",
    journal = "eConf",
    volume = "C0507252",
    pages = "L004",
    year = "2005"
}
